@article{Deleglise1996Computing,
  title={Computing Ï€(x): The Meissel, Lehmer, Lagarias, Miller, Odlyzko Method},
  author={Deleglise, M. and Rivat, J.},
  journal={Mathematics of Computation},
  volume={65},
  number={213},
  pages={235-245},
  year={1996},
}

@misc{1002.0442,
Author = {Pierre Dusart},
Title = {Estimates of Some Functions Over Primes without R.H.},
Year = {2010},
Eprint = {arXiv:1002.0442},
}

@article{Axler2014On,
  title={On the sum of the first n prime numbers},
  author={Axler, Christian},
  journal={Mathematics},
  year={2014},
}